


Monographien
@Book{nodejsbook,
year={2014},title={NodeJS Design Patterns},
publisher={Packt Publishing},
ASIN={B00RP13D24},
isbn={978-1-78328-731-4},
author={Casciaro, Mario},
}
@Book{IntroductionST,
 author = {Ammann, Paul and Offutt, Jeff},
 title = {Introduction to Software Testing},
 year = {2008},
 isbn = {0521880386, 9780521880381},
 edition = {1},
 publisher = {Cambridge University Press},
 address = {New York, NY, USA}
} 
@book{MartinClean,
 author = {Martin, Robert C.},
 title = {Clean Code: A Handbook of Agile Software Craftsmanship},
 year = {2008},
 isbn = {0132350882, 9780132350884},
 edition = {1},
 publisher = {Prentice Hall PTR},
 address = {Upper Saddle River, NJ, USA}
} 
@book{TDDPractical,
 author = {Astels, Dave},
 title = {Test Driven Development: A Practical Guide},
 year = {2003},
 isbn = {0131016490},
 publisher = {Prentice Hall Professional Technical Reference}
} 

@book{TDDByExample,
 author = {Beck},
 title = {Test Driven Development: By Example},
 year = {2002},
 isbn = {0321146530},
 publisher = {Addison-Wesley Longman Publishing Co., Inc.},
 address = {Boston, MA, USA}
} 
@book{STCraft,
  title={Software Testing: A Craftsman’s Approach, Fourth Edition},
  author={Jorgensen, P.C.},
  isbn={9781466560680},
  lccn={2013032497},
  series={An Auerbach book},
  url={https://books.google.de/books?id=6WlmAQAAQBAJ},
  year={2013},
  publisher={Taylor \& Francis}
}
@book{Lyu,
 editor = {Lyu, Michael R.},
 title = {Handbook of Software Reliability Engineering},
 year = {1996},
 isbn = {0-07-039400-8},
 publisher = {McGraw-Hill, Inc.},
 address = {Hightstown, NJ, USA}
} 
@book{concepts,
 author = {Sebesta, Robert W.},
 title = {Concepts of Programming Languages},
 year = {2009},
 isbn = {0136073476},
 edition = {9th},
 publisher = {Addison-Wesley Publishing Company},
 address = {USA}
}
@book{MartinASD,
 author = {Martin, Robert Cecil},
 title = {Agile Software Development: Principles, Patterns, and Practices},
 year = {2003},
 isbn = {0135974445},
 publisher = {Prentice Hall PTR},
 address = {Upper Saddle River, NJ, USA}
} 
@book{Dooley,
 author = {Dooley, John},
 title = {Software Development and Professional Practice},
 year = {2011},
 isbn = {1430238011, 9781430238010},
 edition = {1st},
 publisher = {Apress},
 address = {Berkely, CA, USA}
}
@book{DesignPatterns,
 author = {Gamma, Erich and Helm, Richard and Johnson, Ralph and Vlissides, John},
 title = {Design Patterns: Elements of Reusable Object-oriented Software},
 year = {1995},
 isbn = {0-201-63361-2},
 publisher = {Addison-Wesley Longman Publishing Co., Inc.},
 address = {Boston, MA, USA}
}
@book{sicp,
 author = {Abelson, Harold and Sussman, Gerald J.},
 title = {Structure and Interpretation of Computer Programs},
 year = {1996},
 isbn = {0262011530},
 edition = {2nd},
 publisher = {MIT Press},
 address = {Cambridge, MA, USA}
} 

fuer online quellen booklet verwenden


Artikel aus Fachzeitschriften

 @article{RealTimeTesting,
 author = {Glass, Robert L.},
 title = {Real-time: The \&Ldquo;Lost World\&Rdquo; of Software Debugging and Testing},
 journal = {Commun. ACM},
 issue_date = {May 1980},
 volume = {23},
 number = {5},
 month = may,
 year = {1980},
 issn = {0001-0782},
 pages = {264--271},
 numpages = {8},
 url = {http://doi.acm.org/10.1145/358855.358857},
 doi = {10.1145/358855.358857},
 acmid = {358857},
 publisher = {ACM},
 address = {New York, NY, USA},
 keywords = {debug, real-time, test}
} 
@article{Hudak,
 author = {Hudak, Paul},
 title = {Conception, Evolution, and Application of Functional Programming Languages},
 journal = {ACM Comput. Surv.},
 issue_date = {Sep. 1989},
 volume = {21},
 number = {3},
 month = sep,
 year = {1989},
 issn = {0360-0300},
 pages = {359--411},
 numpages = {53},
 url = {http://doi.acm.org/10.1145/72551.72554},
 doi = {10.1145/72551.72554},
 acmid = {72554},
 publisher = {ACM},
 address = {New York, NY, USA}
} 
@inproceedings{cota,
 author = {Cota, \'{E}rika},
 title = {Embedded Software Testing: What Kind of Problem is This?},
 booktitle = {Proceedings of the Conference on Design, Automation and Test in Europe},
 series = {DATE '10},
 year = {2010},
 isbn = {978-3-9810801-6-2},
 location = {Dresden, Germany},
 pages = {1486--1486},
 numpages = {1},
 url = {http://dl.acm.org/citation.cfm?id=1870926.1871283},
 acmid = {1871283},
 publisher = {European Design and Automation Association},
 address = {3001 Leuven, Belgium, Belgium},
 keywords = {embedded software testing, embedded test, software test}
} 
@inproceedings{vouk,
  title={Software reliability engineering},
  author={Vouk, Mladen A and others},
  year={2000}
}
Sammelbaende. Vorsicht, immer *number* verwenden, nicht *volume*
@Incollection{COMITY,
title = {{C}{O}{M}{I}{T}{Y} - {C}onflict {A}voidance in {P}ervasive {C}omputing {E}nvironments.},
author = {Verena Tuttlies and Gregor Schiele and Christian Becker},
booktitle = {OTM Workshops (2007)},
editor = {Robert Meersman and Zahir Tari and Pilar Herrero},
pages = {763-772},
publisher = {Springer},
series = {Lecture Notes in Computer Science},
number = {4806},
year = {2007},
address = {Heidelberg}
} 

Hochschulschriften, default ist masters thesis
@mastersthesis{master,
author={C. Welscher},
year={2001},
title={{I}ndigene {V}ölker im {G}ebiet {T}jumén ({W}estsibirien): {Z}iele, {S}ituation und zielorientierte
{A}ktivitäten},
school={Institut für Friedenssicherungsrecht und humanitäres Völkerrecht,
Ruhr-Universität Bochum}
}

Hochschulschriften, type angeben (Habil., Diss.,...)
@mastersthesis{habil,
type={Fast eine Habil.},
author={C. Welscher},
year={2001},
title={{I}ndigene {V}ölker im {G}ebiet {T}jumén ({W}estsibirien): {Z}iele, {S}ituation und zielorientierte
{A}ktivitäten},
school={Institut für Friedenssicherungsrecht und humanitäres Völkerrecht,
Ruhr-Universität Bochum}
}

@misc{random,
type={Certificate},
author={Max Mustermann},
note={Currently under review},
year={2009},
title={Something that is not covered by any other annotation may be declared misc - certificates, patents and stuff like that}
}

@misc{ts,
	title = {Test Sheets},
	howpublished = {\url{http://swt.informatik.uni-mannheim.de/de/research/research-topics/test-sheets/}},
	url = {http://swt.informatik.uni-mannheim.de/de/research/research-topics/test-sheets/},
	url-date = {2015-12-28}
}
@misc{tsb,
	title = {Test Sheets},
	howpublished={\url{http://swt.informatik.uni-mannheim.de/de/research/research-topics/test-sheets/basic-test-sheets/}},
	url-date = {2015-12-28}
}
@misc{tsn,
	title = {Test Sheets},
	howpublished={\url{http://swt.informatik.uni-mannheim.de/de/research/research-topics/test-sheets/non-linear-test-sheets/}},
	url-date = {2015-12-28}
}
@misc{tsh,
	title = {Test Sheets},
	howpublished={\url{http://swt.informatik.uni-mannheim.de/de/research/research-topics/test-sheets/parameterized-and-higher-order-test-sheets/}},
	url-date = {2015-12-28}
}
@misc{nodejsabout,
	title = {About Node.js®},
	howpublished={\url{https://nodejs.org/en/about/}},
	url-date = {2015-12-25}
}
@misc{casperjs,
	title = {CasperJS},
	howpublished={\url{http://casperjs.org/}},
	url-date = {2016-01-26}
}
@misc{libuv,
	title = {Welcome to the libuv API documentation},
	howpublished={\url{http://docs.libuv.org/en/v1.x/\#features}},
	url-date = {2016-1-19}
}
@misc{libuvBasic,
	title = {An Introduction to libuv: BASICS OF LIBUV},
	howpublished={\url{http://nikhilm.github.io/uvbook/basics.html}},
	url-date = {2016-1-19}
}
@misc{mozillaJS,
	title = {JavaScript},
	howpublished={\url{https://developer.mozilla.org/en-US/docs/Web/JavaScript}},
	url-date = {2016-1-19}
}
@misc{figoFAQVision,
	title = {Ich möchte mehr zu eurer Vision erfahren!},
	howpublished={\url{https://figo.zendesk.com/hc/de/articles/200974801-Ich-m\%C3\%B6chte-mehr-zu-eurer-Vision-erfahren-}},
	url-date = {2016-1-27}
}
@misc{figoFAQPartners,
	title = {Wer sind eure Partner? Wie kann ich figo dort nutzen?},
	howpublished={\url{https://figo.zendesk.com/hc/de/articles/200907292-Wer-sind-eure-Partner-Wie-kann-ich-figo-dort-nutzen-}},
	url-date = {2016-1-27}
}
@misc{figoFAQWhat,
	title = {Was ist figo und was macht ihr?},
	howpublished={\url{https://figo.zendesk.com/hc/de/articles/200862101-Was-ist-figo-und-was-macht-ihr-}},
	url-date = {2016-1-27}
}
@misc{figoAngel,
	title = {figo | Angel List},
	howpublished={\url{https://angel.co/figo-1}},
	url-date = {2016-1-27}
}
@misc{figoCB,
	title = {figo | CrunchBase},
	howpublished={\url{https://www.crunchbase.com/organization/figo\#/entity}},
	url-date = {2016-1-27}
}
@misc{oosite,
	title = {Object Oriented design patterns},
	howpublished={\url{http://www.oodesign.com/}},
	url-date = {2016-1-19}
}
@unpublished{Lecture1,
  Author = {Atkinson, Colin},
  Institution = {University of Mannheim},
  Howpublished = {University Lecture},
  Year = {2015},
  Title = {L1-Introduction}
}
@unpublished{Lecture2,
  Author = {Atkinson, Colin},
  Institution = {University of Mannheim},
  Howpublished = {University Lecture},
  Year = {2015},
  Title = {L2-TestingIntroduction}
}
@misc{tdd,
	title = {IIntroduction to Test Driven Development (TDD)},
	howpublished={\url{http://www.agiledata.org/essays/tdd.html}},
	url-date = {2015-12-28}
}
@misc{wikiScraping,
	title = {Web Scraping - Wikipedia Free Encyclopedia},
	howpublished={\url{https://en.wikipedia.org/wiki/Web_scraping}},
	url-date = {2016-01-27}
}
@misc{w3cDOM,
	title = {W3C Document Object Notation},
	howpublished={\url{https://www.w3.org/DOM/#what}},
	url-date = {2016-01-27}
}

@misc{ figoAPI,
	title = {figo API reference},
	howpublished={\url{http://docs.figo.io/}},
	url-date = {2016-01-28}
}
@misc{ finTS,
	title = {FinTS - Wikipedia, free encyclopedia},
	howpublished={\url{https://en.wikipedia.org/wiki/FinTS}},
	url-date = {2016-02-1}
}
@misc{ LarsAPI,
	title = {Lars Markull's answer to What are the benefits of an API for a consumer bank? - Quora},
	howpublished={\url{https://www.quora.com/What-are-the-benefits-of-an-API-for-a-consumer-bank/answer/Lars-Markull?srid=hmj2\&share=267222bd}},
	url-date = {2016-02-1}
}
@misc{ TimAPI,
	title = {Open Banking APIs: Threat and Opportunity  |  Consult Hyperion},
	howpublished={\url{http://www.chyp.com/open-banking-apis-threat-and-opportunity/}},
	url-date = {2016-02-1}
}
@misc{ DaveAPI,
	title = {The bank business model for APIs: Identity},
	howpublished={\url{http://tomorrowstransactions.com/2015/03/the-bank-business-model-for-apis-identity/}},
	url-date = {2016-02-1}
}

@misc{ PSD2,
	title = {EUR-Lex - 32015L2366 - EN - EUR-Lex},
	howpublished={\url{http://eur-lex.europa.eu/legal-content/EN/TXT/?uri=CELEX:32015L2366s}},
	url-date = {2016-02-1}
}
@misc{nodejscontributors,
	title = {Top NPM contributors by number of packages},
	url = {https://gist.github.com/michalbe/71f6f9e5938eeb781dc4},
	url-date = {2016-1-18}
}
@misc{nodejsstreams,
	title = {Stream: Node.js v5.4.1 Documentation},
	url = {https://nodejs.org/docs/latest/api/stream.html},
	url-date = {2016-1-18}
}
Liste der zulaessigen Felder

    address      %%  Verlagsort
    author       %%  persoenlicher Urheber eines Werkes
    booktitle    %%  a) Gesamttitel eines mehrbaendigen Werkes
%                %%  b) Titel des Sammelwerks, das einzelne selbstaendige
%                %%     Beitraege mit eigenem Titel enthaelt (->incollection)
    chapter      %%  Kapitel in einem Buch (Monographie)
    doi          %%% Digital Object Identifier
    edition      %%  Auflagevermerk; bei selbst. elektron. Dok. == Version
    editor       %%  Persoenl.Herausgeber oder Koerperschaftlicher Herausgeber
    howpublished %%  beliebiger Verlegervermerk: von wem, wo
    institution  %%  Institution, die e.Verlagsfreie Veroeffentlichung betreibt
    isbn         %%  Standardnr fuer Buecher
    issn         %%  -  -    :      Zeitschriften u. Serien
    journal      %%  Titel einer Zeitschrift
    key          %%  Zusaetzlich vergebener Sortierschluessel, mitunter notwend.
    lastchecked  %%  Online Abruf einer Internetquelle ( GRAY ); 22.1.2004
    month        %%  naehere Bestimmung des Erscheinungsjahres (-> macro 's)
    note         %%  freies Eingabefeld fuer zusaetzliche Informationen
    number       %%  Mehrfachbedeutung in Abhaengigkeit vom Eingabetyp
    organization %%  a) Name der Organisation/des Organisators e. Tagung,Konferenz
%                %%  b) Name einer Firma/Gesellschaft, die ein ->manual herausgab
    pages        %%  Umfangsangaben, meist Seitenzahlen
    publisher    %%  Verlag
    school       %%  Hochschule/Universitaet, die eine Dipl.-Arb./Dissertation veroeff.
    series       %%  Titel e.Reihe, in der ein best. Buchtitel erschienen ist
    title        %%  Titel einer (namentlich gekennzeichneten) Veroeffentlichung
    type         %%  Zusatzfeld z.Kennzeichnung e.besonderen Publikationstyps
    url          %%%  URL-Feld ( Uniform Resource Locator )
    urn          %%   URN-Feld ( Uniform Resource Name )
    volume       %%  a) Zaehlung bei einem mehrbaendigen Werk (-> book)
%                %%  b) Jahrgang einer Zeitschrift (-> article
    year         %%  Erscheinungsjahr
