@book{sicp,
 author = {Abelson, Harold and Sussman, Gerald J.},
 title = {Structure and Interpretation of Computer Programs},
 year = {1996},
 isbn = {0262011530},
 edition = {2nd},
 publisher = {MIT Press},
 address = {Cambridge, MA, USA}
} 
@book{concepts,
 author = {Sebesta, Robert W.},
 title = {Concepts of Programming Languages},
 year = {2009},
 isbn = {0136073476},
 edition = {9th},
 publisher = {Addison-Wesley Publishing Company},
 address = {USA}
} 
@article{Hudak,
 author = {Hudak, Paul},
 title = {Conception, Evolution, and Application of Functional Programming Languages},
 journal = {ACM Comput. Surv.},
 issue_date = {Sep. 1989},
 volume = {21},
 number = {3},
 month = sep,
 year = {1989},
 issn = {0360-0300},
 pages = {359--411},
 numpages = {53},
 url = {http://doi.acm.org/10.1145/72551.72554},
 doi = {10.1145/72551.72554},
 acmid = {72554},
 publisher = {ACM},
 address = {New York, NY, USA}
} 
@article{RealTimeTesting,
 author = {Glass, Robert L.},
 title = {Real-time: The \&Ldquo;Lost World\&Rdquo; of Software Debugging and Testing},
 journal = {Commun. ACM},
 issue_date = {May 1980},
 volume = {23},
 number = {5},
 month = may,
 year = {1980},
 issn = {0001-0782},
 pages = {264--271},
 numpages = {8},
 url = {http://doi.acm.org/10.1145/358855.358857},
 doi = {10.1145/358855.358857},
 acmid = {358857},
 publisher = {ACM},
 address = {New York, NY, USA},
 keywords = {debug, real-time, test}
} 

@book{TDDPractical,
 author = {Astels, Dave},
 title = {Test Driven Development: A Practical Guide},
 year = {2003},
 isbn = {0131016490},
 publisher = {Prentice Hall Professional Technical Reference}
} 

@book{TDDByExample,
 author = {Beck},
 title = {Test Driven Development: By Example},
 year = {2002},
 isbn = {0321146530},
 publisher = {Addison-Wesley Longman Publishing Co., Inc.},
 address = {Boston, MA, USA}
} 
@book{extreme,
 author = {Beck, Kent and Andres, Cynthia},
 title = {Extreme Programming Explained: Embrace Change (2Nd Edition)},
 year = {2004},
 isbn = {0321278658},
 publisher = {Addison-Wesley Professional}
} 
@book{STCraft,
  title={Software Testing: A Craftsman’s Approach, Fourth Edition},
  author={Jorgensen, P.C.},
  isbn={9781466560680},
  lccn={2013032497},
  series={An Auerbach book},
  url={https://books.google.de/books?id=6WlmAQAAQBAJ},
  year={2013},
  publisher={Taylor \& Francis}
}

@book{IntroductionST,
 author = {Ammann, Paul and Offutt, Jeff},
 title = {Introduction to Software Testing},
 year = {2008},
 isbn = {0521880386, 9780521880381},
 edition = {1},
 publisher = {Cambridge University Press},
 address = {New York, NY, USA}
} 
@book{desikan,
  title={Software Testing: Principles and Practice},
  author={Desikan, S. and Ramesh, G.},
  isbn={9788177581218},
  url={https://books.google.de/books?id=Yt2yRW6du9wC},
  year={2006},
  publisher={Pearson Education Canada}
}
@book{DesignPatterns,
 author = {Gamma, Erich and Helm, Richard and Johnson, Ralph and Vlissides, John},
 title = {Design Patterns: Elements of Reusable Object-oriented Software},
 year = {1995},
 isbn = {0-201-63361-2},
 publisher = {Addison-Wesley Longman Publishing Co., Inc.},
 address = {Boston, MA, USA}
} 
@book{Dooley,
 author = {Dooley, John},
 title = {Software Development and Professional Practice},
 year = {2011},
 isbn = {1430238011, 9781430238010},
 edition = {1st},
 publisher = {Apress},
 address = {Berkely, CA, USA}
} 

@book{MartinClean,
 author = {Martin, Robert C.},
 title = {Clean Code: A Handbook of Agile Software Craftsmanship},
 year = {2008},
 isbn = {0132350882, 9780132350884},
 edition = {1},
 publisher = {Prentice Hall PTR},
 address = {Upper Saddle River, NJ, USA}
} 
@misc{tdd,
	title = {IIntroduction to Test Driven Development (TDD)},
	url = {http://www.agiledata.org/essays/tdd.html},
	url-date = {2015-12-28}
}
@misc{ts,
	title = {Test Sheets},
	url = {http://swt.informatik.uni-mannheim.de/de/research/research-topics/test-sheets/},
	url-date = {2015-12-28}
}
@misc{tsb,
	title = {Test Sheets},
	url = {http://swt.informatik.uni-mannheim.de/de/research/research-topics/test-sheets/basic-test-sheets/},
	url-date = {2015-12-28}
}
@misc{tsn,
	title = {Test Sheets},
	url = {http://swt.informatik.uni-mannheim.de/de/research/research-topics/test-sheets/non-linear-test-sheets/},
	url-date = {2015-12-28}
}
@misc{tsh,
	title = {Test Sheets},
	url = {http://swt.informatik.uni-mannheim.de/de/research/research-topics/test-sheets/parameterized-and-higher-order-test-sheets/},
	url-date = {2015-12-28}
}
@book{nodejsbook,
year={2014},title={NodeJS Design Patterns},
publisher={Packt Publishing},
ASIN={B00RP13D24},
isbn={978-1-78328-731-4},
author={Casciaro, Mario},
}
@misc{nodejsabout,
	title = {About Node.js®},
	url = {https://nodejs.org/en/about/},
	url-date = {2015-12-25}
}
@book{MartinASD,
 author = {Martin, Robert Cecil},
 title = {Agile Software Development: Principles, Patterns, and Practices},
 year = {2003},
 isbn = {0135974445},
 publisher = {Prentice Hall PTR},
 address = {Upper Saddle River, NJ, USA}
} 
@misc{nodejscontributors,
	title = {Top NPM contributors by number of packages},
	url = {https://gist.github.com/michalbe/71f6f9e5938eeb781dc4},
	url-date = {2016-1-18}
}
@misc{nodejsstreams,
	title = {Stream: Node.js v5.4.1 Documentation},
	url = {https://nodejs.org/docs/latest/api/stream.html},
	url-date = {2016-1-18}
}
@misc{javase,
	title = {Java SE 8 Lambda Quick Start},
	url = {https://apexapps.oracle.com/pls/apex/f?p=44785:24:100775742404222::NO:24:P24\_CONTENT\_ID,P24\_PREV\_PAGE:7180,29},
	url-date = {2016-1-19}
}
@misc{mozillaJS,
	title = {JavaScript},
	url = {https://developer.mozilla.org/en-US/docs/Web/JavaScript},
	url-date = {2016-1-19}
}
@unpublished{Lecture1,
  Author = {Atkinson, Colin},
  Institution = {University of Mannheim},
  Howpublished = {University Lecture},
  Year = {2015},
  Title = {L1-Introduction}
}
@unpublished{Lecture2,
  Author = {Atkinson, Colin},
  Institution = {University of Mannheim},
  Howpublished = {University Lecture},
  Year = {2015},
  Title = {L2-TestingIntroduction}
}
@misc{oosite,
	title = {Object Oriented design patterns},
	url = {http://www.oodesign.com/},
	url-date = {2016-1-19}
}
@misc{libuv,
	title = {Welcome to the libuv API documentation},
	url = {http://docs.libuv.org/en/v1.x/\#features},
	url-date = {2016-1-19}
}
@misc{libuvBasic,
	title = {An Introduction to libuv: BASICS OF LIBUV},
	url = {http://nikhilm.github.io/uvbook/basics.html},
	url-date = {2016-1-19}
}